
@Book{C++standard98,
   author         = {{ISO/IEC JTC 1}},    
   title          = {International Standard: Programming Languages -- {C++}},
   publisher      = {ANSI},    
   month          = {September},
   year           = 1998,
   number         = {14882:1998(E)},
   series         = {ASC X3},
   edition        = {First},
}

@misc{www-libclang
, key          = {libclang}
, title        = {\mbox{libclang: a C Interface to Clang}}
, year = {2012}
, note         = {http://clang.llvm.org/doxygen/group\_\_CINDEX.html}
}


@misc{www-clang
, key          = {Clang}
, title        = {\mbox{Clang: a C language family frontend for LLVM}}
, year = {2012}
, note         = {http://clang.llvm.org/}
}

@misc{www-fluxbox
, key          = {Fluxbox}
, title        = {\mbox{Fluxbox}}
, note         = {http://www.fluxbox.org/}
}

@misc{
  elsa2007,
 author      = "S. McPeak",
  title        = {{Elkhound}: A {GLR} Parser Generator and {Elsa}: 
   An {Elkhound}-based {C++} Parser},
  year         = 2007,
  note         = {http://www.cs.berkeley.edu/~smcpeak/elkhound/}
}

@book{tomita85,
 author = {M. Tomita},
 title = {Efficient Parsing for Natural Language: A Fast Algorithm for Practical Systems},
 year = {1985},
 isbn = {0898382025},
 publisher = {Kluwer Academic Publishers},
 address = {Norwell, MA, USA},
 }

 
@inproceedings{vandenbrand98,
 author = {M. G. J. van den Brand and A. Sellink and C. Verhoef},
 title = {Current Parsing Techniques in Software Renovation Considered Harmful},
 booktitle = {IWPC},
 year = {1998},
 isbn = {0-8186-8560-3},
 pages = {108},
 address = {Washington, DC, USA},
 }


@INPROCEEDINGS{columbus2005,
   author       = "A. Besz\'edes and R. Ferenc and T. Gyim\'othy",
   title        = "Columbus: A Reverse Engineering Approach",
   booktitle    = "STEP 2005",
   year         = 2005,
   month        = sep,
   location     = "Budapest, Hungary",
   pages        = "93-96",
}

@inproceedings{tuanalyzer04,
 author = {T. Gschwind and M. Pinzger and H. Gall},
 title = {TUAnalyzer -- Analyzing Templates in {\CPP} Code},
 booktitle = {WCRE'04},
 year = {2004},
 isbn = {0-7695-2243-2},
 pages = {48--57},
 publisher = {IEEE Computer Society},
 address = {Washington, DC, USA},
 }


@incollection{Tomita91,
  AUTHOR = {M. Tomita and S.-K. Ng},
  TITLE = {The Generalized LR Parsing Algorithm},
  YEAR = 1991,
  BOOKTITLE = {Generalized LR Parsing},
  EDITOR = {M. Tomita},
  PUBLISHER = {Kluwer},
  ADDRESS = {Boston},
  PAGES = {1-16},
  KEYWORDS = {}
}


@inproceedings{kraft05-wcre,
   author         = {N. A. Kraft and B. A. Malloy and J. F. Power},
   title          = {Toward an Infrastructure to Support Interoperability in Reverse Engineering},
   booktitle      = {Proceedings of the Twelfth Working Conference on Reverse Engineering},
   month          = {November},
   year           = 2005,
   address        = {Pittsburgh, PA, USA},
   publisher      = {IEEE Computer Society},
}


@inproceedings{llvm2004,
 author = {C. Lattner and V. Adve},
 title = {LLVM: A Compilation Framework for Lifelong Program Analysis \& Transformation},
 booktitle = {CGO '04: Proceedings of the international symposium on Code generation and optimization},
 year = {2004},
 isbn = {0-7695-2102-9},
 pages = {75},
 location = {Palo Alto, California},
 publisher = {IEEE Computer Society},
 address = {Washington, DC, USA},
 }



@article{kraft06-ist,
   author      = {Nicholas A. Kraft and Brian A. Malloy and James F. Power},
   title       = {An Infrastructure to Support Interoperability in Reverse Engineering},
   journal     = {Information and Software Technology},
   volume      = {49},
   number      = {3},
   year        = {2007},
   issn        = {0950-5849},
   pages       = {292--307},
}


@misc{sourcenav,
   author       = {{Source--Navigator Team}},
   title        = {{The Source--Navigator IDE}},
   howpublished = {http://sourcenav.sourceforge.net},
   month        = {June},
   year         = 2005,
}

@inproceedings{Duffy-etal:2008
, key          = {Duffy, et al.}
, author       = {Edward B. Duffy and Jason O. Hallstrom and Brian A. Malloy}
, title        = {Reverse Engineering Interface Protocols for Comprehension of Large {\CPP} Libraries during Code Evolution Tasks}
, booktitle    = {Proceedings of the 20th International Conference on Software Engineering and Knowledge Engineering}
, year         = 2008
 }

@inproceedings{Duffy-Malloy:2007
, author       = {Edward B. Duffy and Brian A. Malloy}
, title        = {An Automated Approach to Grammar Recovery for a Dialect of the C++ Language}
, booktitle    = {Proceedings of the 14$^{th}$ Working Conference on Reverse Engineering}
, year         = 2007
, pages        = {11--20}
, publisher    = {IEEE Computer Society}
 }

 @ARTICLE{kraft-tse, 
author={Kraft, N.A. and Duffy, E.B. and Malloy, B.A.}, 
journal={Software Engineering, IEEE Transactions on}, 
title={Grammar Recovery from Parse Trees and Metrics-Guided Grammar Refactoring}, 
year={2009}, 
month={nov.-dec. }, 
volume={35}, 
number={6}, 
pages={780 -794}, 
ISSN={0098-5589},}


@article{duffy05-sera,
   title = {A Language and Platform-Independent
     Approach for Reverse Engineering},
   author = {E. B. Duffy and B. A. Malloy},
 journal = "Proceedings of The 3rd ACIS International Conference on
 Software Engineering Research, Management \& Applications",
   month = "August",
   year = 2005
}

@article{isocpp-11,
   title = {{ISO/IEC} 14882:2011},
   journal = {International Organization for Standardization},
   month = "August",
   year = 2011
}



@inproceedings{duffy-wcre07,
   author         = {E. B. Duffy and B. A. Malloy},
   title          = {An Automated Approach to Grammar Recovery for
   a Dialect of the {\CPP} Language},
   booktitle      = {Proceedings of the Fourteenth Working Conference on Reverse Engineering},
   year           = 2007
}


@book{Stroustrup1994,
 author = {Stroustrup, Bjarne},
 title = {The design and evolution of C++},
 year = {1994},
 isbn = {0-201-54330-3},
 publisher = {ACM Press/Addison-Wesley Publishing Co.},
 address = {New York, NY, USA},
} 

@misc{duffythesis,
   author      = {Edward B. Duffy},
   title       = {The Design \& Implementation of an Abstract 
   Semantic Graph for Statement-Level Dynamic Analysis of {\CPP} 
   Applications},
   year        = {2011},
   note        = {PhD Dissertation},
}


@misc{dennythesis09,
   author      = {Joel E. Denny},
   title       = {{PSLR(1): Pseudo-Scannerless minimal LR(1)} for 
                  the Deterministic Parsing of Composite Languages},
   year        = {2010},
   note        = {PhD Dissertation},
}


@article{mccabe76,
 author  = "T. J. McCabe",
 title   = "A Complexity Measure",
 journal = "IEEE Transactions on Software Engineering",
 year    = "1976",
 month   = "December",
 volume  = "2",
 number  = "4",
 pages   = "308--320"
}



@article{IJSEKE
, key          = {Malloy, et al.}
, author       = {B. A. Malloy and E. L. Lloyd and J. O. Hallstrom 
                   and E. B. Duffy}
, title        = {Capturing Interface Protocols to Support
Comprehension and Evaluation of {\CPP} Libraries}
, journal      = {International Journal of Software Engineering 
                  and Knowledge Engineering (IJSEKE)}
, not         = "to appear"
}


@inproceedings{gallagher2003,
 author = {K. Gallagher and D. Binkley},
 title = {An Empirical Study of Computation Equivalence as Determined by Decomposition Slice Equivalence},
 booktitle = {WCRE '03: Proceedings of the 10th Working Conference on Reverse Engineering},
 year = {2003},
 isbn = {0-7695-2027-8},
 pages = {316},
 publisher = {IEEE Computer Society},
 address = {Washington, DC, USA},
 }

@article{binkley2006,
 author = {D. Binkley and S. Danicic and T. Gyim\'othy 
   and M. Harman and A. Kiss and B. Korel},
 title = {Theoretical foundations of dynamic program slicing},
 journal = {Theor. Comput. Sci.},
 volume = {360},
 number = {1},
 year = {2006},
 issn = {0304-3975},
 pages = {23--41},
 doi = {http://dx.doi.org/10.1016/j.tcs.2006.01.012},
 publisher = {Elsevier Science Publishers Ltd.},
 address = {Essex, UK},
 }

@inproceedings{ Harrold1996MAY,
     author = {M. J. Harrold and G. Rothermel},
      title = {Syntax-Directed Construction of Program Dependence Graphs},
  booktitle = {Technical Report OSU-CISRC-5/96-TR32, Department of Computer and Information Science, The Ohio State University},
    address = {},
      month = {May},
       year = {1996},
      notes = {}
}

@article{Weiser84,
  author    = {M. Weiser},
  title     = {Program Slicing.},
  journal   = {IEEE Trans. Software Eng.},
  volume    = {10},
  number    = {4},
  year      = {1984},
  pages     = {352-357},
  bibsource = {DBLP, http://dblp.uni-trier.de}
}

@article{Power-Malloy:04
, key          = {Power and Malloy}
, author       = {J. F. Power and B. A. Malloy}
, title        = {A Metrics Suite for Grammar-Based Software}
, journal      = {Journal of Software Maintenance and Evolution: Research and Practice}
, year         = 2004
, volume       = 16
, number       = 6
, pages        = {405--426}
}


@misc{
  preez2011,
  author       = {Derek du Preez},
  title        = {C++ clear winner in Google language tests},
  journal = "computing.co.uk",
  year         = 2011,
  url = "http://www.computing.co.uk/ctg/news/2076322/-winner-google-language-tests" 
}

